@article{cardoso1996jacobi,
	title={Jacobi angles for simultaneous diagonalization},
	author={Cardoso, Jean-Francois and Souloumiac, Antoine},
	journal={SIAM journal on matrix analysis and applications},
	volume={17},
	number={1},
	pages={161--164},
	year={1996},
	publisher={SIAM}
}

@inproceedings{Garland:1997:SSU:258734.258849,
	author = {Garland, Michael and Heckbert, Paul S.},
	title = {Surface Simplification Using Quadric Error Metrics},
	booktitle = {Proceedings of the 24th Annual Conference on Computer Graphics and Interactive Techniques},
	series = {SIGGRAPH '97},
	year = {1997},
	isbn = {0-89791-896-7},
	pages = {209--216},
	numpages = {8},
	url = {https://doi.org/10.1145/258734.258849},
	doi = {10.1145/258734.258849},
	acmid = {258849},
	publisher = {ACM Press/Addison-Wesley Publishing Co.},
	address = {New York, NY, USA},
	keywords = {level of detail, mutiresolution modeling, non-manifold, pair contraction, surface simplification},
} 

@book{bertsekas1998network,
	title={Network optimization: continuous and discrete models},
	author={Bertsekas, Dimitri P},
	year={1998},
	publisher={Citeseer}
}

@incollection{meyer2003discrete,
	title={Discrete differential-geometry operators for triangulated 2-manifolds},
	author={Meyer, Mark and Desbrun, Mathieu and Schr{\"o}der, Peter and Barr, Alan H},
	booktitle={Visualization and mathematics III},
	pages={35--57},
	year={2003},
	publisher={Springer}
}

@inproceedings{Leordeanu:2005:STC:1097115.1097816,
	author = {Leordeanu, Marius and Hebert, Martial},
	title = {A Spectral Technique for Correspondence Problems Using Pairwise Constraints},
	booktitle = {Proceedings of the Tenth IEEE International Conference on Computer Vision - Volume 2},
	series = {ICCV '05},
	year = {2005},
	isbn = {0-7695-2334-X-02},
	pages = {1482--1489},
	numpages = {8},
	url = {https://doi.org/10.1109/ICCV.2005.20},
	doi = {10.1109/ICCV.2005.20},
	acmid = {1097816},
	publisher = {IEEE Computer Society},
	address = {Washington, DC, USA},
}

@article{bronstein2006generalized,
	title={Generalized multidimensional scaling: a framework for isometry-invariant partial surface matching},
	author={Bronstein, Alexander M and Bronstein, Michael M and Kimmel, Ron},
	journal={Proceedings of the National Academy of Sciences},
	volume={103},
	number={5},
	pages={1168--1172},
	year={2006},
	publisher={National Acad Sciences}
}

@inproceedings{jain2006robust,
	title={Robust 3D shape correspondence in the spectral domain},
	author={Jain, Varun and Zhang, Hao},
	booktitle={Shape Modeling and Applications, 2006. SMI 2006. IEEE International Conference on},
	pages={19--19},
	year={2006},
	organization={IEEE}
}

@article{jain2007non,
	title={Non-rigid spectral correspondence of triangle meshes},
	author={Jain, Varun and Zhang, Hao and van Kaick, Oliver},
	journal={International Journal of Shape Modeling},
	volume={13},
	number={01},
	pages={101--124},
	year={2007},
	publisher={World Scientific}
}

@article{Aiger:2008:CSR:1360612.1360684,
	author = {Aiger, Dror and Mitra, Niloy J. and Cohen-Or, Daniel},
	title = {4pointss Congruent Sets for Robust Pairwise Surface Registration},
	journal = {ACM Trans. Graph.},
	issue_date = {August 2008},
	volume = {27},
	number = {3},
	month = aug,
	year = {2008},
	issn = {0730-0301},
	pages = {85:1--85:10},
	articleno = {85},
	numpages = {10},
	url = {http://doi.acm.org/10.1145/1360612.1360684},
	doi = {10.1145/1360612.1360684},
	acmid = {1360684},
	publisher = {ACM},
	address = {New York, NY, USA},
	keywords = {affine invariant ratio, computational geometry, largest common pointset (LCP) measure, pairwise surface registration, partial shape matching, scan alignment},
} 

@inproceedings{bronstein2008not,
	title={Not only size matters: regularized partial matching of nonrigid shapes},
	author={Bronstein, Alexander M and Bronstein, Michael M},
	booktitle={Computer Vision and Pattern Recognition Workshops, 2008. CVPRW'08. IEEE Computer Society Conference on},
	pages={1--6},
	year={2008},
	organization={IEEE}
}

@inproceedings{Li:2008:GCO:1731309.1731326,
	author = {Li, Hao and Sumner, Robert W. and Pauly, Mark},
	title = {Global Correspondence Optimization for Non-rigid Registration of Depth Scans},
	booktitle = {Proceedings of the Symposium on Geometry Processing},
	series = {SGP '08},
	year = {2008},
	location = {Copenhagen, Denmark},
	pages = {1421--1430},
	numpages = {10},
	url = {http://dl.acm.org/citation.cfm?id=1731309.1731326},
	acmid = {1731326},
	publisher = {Eurographics Association},
	address = {Aire-la-Ville, Switzerland, Switzerland},
}

@inproceedings{mateus2008articulated,
	title={Articulated shape matching using Laplacian eigenfunctions and unsupervised point registration},
	author={Mateus, Diana and Horaud, Radu and Knossow, David and Cuzzolin, Fabio and Boyer, Edmond},
	booktitle={Computer Vision and Pattern Recognition, 2008. CVPR 2008. IEEE Conference on},
	pages={1--8},
	year={2008},
	organization={IEEE}
}

@inproceedings{rusu2008learning,
	title={Learning informative point classes for the acquisition of object model maps},
	author={Rusu, Radu Bogdan and Marton, Zoltan Csaba and Blodow, Nico and Beetz, Michael},
	booktitle={Control, Automation, Robotics and Vision, 2008. ICARCV 2008. 10th International Conference on},
	pages={643--650},
	year={2008},
	organization={IEEE}
}

@article{rusu2008towards,
	title={Towards 3D point cloud based object maps for household environments},
	author={Rusu, Radu Bogdan and Marton, Zoltan Csaba and Blodow, Nico and Dolha, Mihai and Beetz, Michael},
	journal={Robotics and Autonomous Systems},
	volume={56},
	number={11},
	pages={927--941},
	year={2008},
	publisher={Elsevier}
}

@article{bronstein2009partial,
	title={Partial similarity of objects, or how to compare a centaur to a horse},
	author={Bronstein, Alexander M and Bronstein, Michael M and Bruckstein, Alfred M and Kimmel, Ron},
	journal={International Journal of Computer Vision},
	volume={84},
	number={2},
	pages={163},
	year={2009},
	publisher={Springer}
}

@article{lipman2009mobius,
	title={M{\"o}bius voting for surface correspondence},
	author={Lipman, Yaron and Funkhouser, Thomas},
	journal={ACM Transactions on Graphics (TOG)},
	volume={28},
	number={3},
	pages={72},
	year={2009},
	publisher={ACM}
}

@inproceedings{rusu2009fast,
	title={Fast point feature histograms (FPFH) for 3D registration},
	author={Rusu, Radu Bogdan and Blodow, Nico and Beetz, Michael},
	booktitle={Robotics and Automation, 2009. ICRA'09. IEEE International Conference on},
	pages={3212--3217},
	year={2009},
	organization={Citeseer}
}

@inproceedings{Sun:2009:CPI:1735603.1735621,
	author = {Sun, Jian and Ovsjanikov, Maks and Guibas, Leonidas},
	title = {A Concise and Provably Informative Multi-scale Signature Based on Heat Diffusion},
	booktitle = {Proceedings of the Symposium on Geometry Processing},
	series = {SGP '09},
	year = {2009},
	location = {Berlin, Germany},
	pages = {1383--1392},
	numpages = {10},
	url = {http://dl.acm.org/citation.cfm?id=1735603.1735621},
	acmid = {1735621},
	publisher = {Eurographics Association},
	address = {Aire-la-Ville, Switzerland, Switzerland},
} 

@inproceedings{bronstein2010scale,
	title={Scale-invariant heat kernel signatures for non-rigid shape recognition},
	author={Bronstein, Michael M and Kokkinos, Iasonas},
	booktitle={Computer Vision and Pattern Recognition (CVPR), 2010 IEEE Conference on},
	pages={1704--1711},
	year={2010},
	organization={IEEE}
}

@article{bronstein2010gromov,
	title={A Gromov-Hausdorff framework with diffusion geometry for topologically-robust non-rigid shape matching},
	author={Bronstein, Alexander M and Bronstein, Michael M and Kimmel, Ron and Mahmoudi, Mona and Sapiro, Guillermo},
	journal={International Journal of Computer Vision},
	volume={89},
	number={2-3},
	pages={266--286},
	year={2010},
	publisher={Springer}
}

@article{kaick2010survey,
	title={A survey on shape correspondence},
	author={Kaick, O van and Zhang, Hao and Hamarneh, Ghassan and Cohen-Or, D},
	year={2010},
	publisher={The Eurographics Association}
}

@inproceedings{tombari2010unique,
	title={Unique signatures of histograms for local surface description},
	author={Tombari, Federico and Salti, Samuele and Di Stefano, Luigi},
	booktitle={European conference on computer vision},
	pages={356--369},
	year={2010},
	organization={Springer}
}

@inproceedings{aubry2011wave,
	title={The wave kernel signature: A quantum mechanical approach to shape analysis},
	author={Aubry, Mathieu and Schlickewei, Ulrich and Cremers, Daniel},
	booktitle={Computer Vision Workshops (ICCV Workshops), 2011 IEEE International Conference on},
	pages={1626--1633},
	year={2011},
	organization={IEEE}
}

@inproceedings{Boyer:2011:SRF:2381170.2381184,
	author = {Boyer, E. and Bronstein, A. M. and Bronstein, M. M. and Bustos, B. and Darom, T. and Horaud, R. and Hotz, I. and Keller, Y. and Keustermans, J. and Kovnatsky, A. and Litman, R. and Reininghaus, J. and Sipiran, I. and Smeets, D. and Suetens, P. and Vandermeulen, D. and Zaharescu, A. and Zobel, V.},
	title = {SHREC 2011: Robust Feature Detection and Description Benchmark},
	booktitle = {Proceedings of the 4th Eurographics Conference on 3D Object Retrieval},
	series = {3DOR '11},
	year = {2011},
	isbn = {978-3-905674-31-6},
	location = {Llandudno, UK},
	pages = {71--78},
	numpages = {8},
	url = {http://dx.doi.org/10.2312/3DOR/3DOR11/071-078},
	doi = {10.2312/3DOR/3DOR11/071-078},
	acmid = {2381184},
	publisher = {Eurographics Association},
	address = {Aire-la-Ville, Switzerland, Switzerland},
} 

@inproceedings{sahillioǧlu2011coarse,
	title={Coarse-to-fine combinatorial matching for dense isometric shape correspondence},
	author={Sahillioǧlu, Y and Yemez, Y{\"u}cel},
	booktitle={Computer Graphics Forum},
	volume={30},
	number={5},
	pages={1461--1470},
	year={2011},
	organization={Wiley Online Library}
}

@inproceedings{kim2011blended,
	title={Blended intrinsic maps},
	author={Kim, Vladimir G and Lipman, Yaron and Funkhouser, Thomas},
	booktitle={ACM Transactions on Graphics (TOG)},
	volume={30},
	number={4},
	pages={79},
	year={2011},
	organization={ACM}
}

@inproceedings{van2011prior,
	title={Prior knowledge for part correspondence},
	author={Van Kaick, Oliver and Tagliasacchi, Andrea and Sidi, Oana and Zhang, Hao and Cohen-Or, Daniel and Wolf, Lior and Hamarneh, Ghassan},
	booktitle={Computer Graphics Forum},
	volume={30},
	number={2},
	pages={553--562},
	year={2011},
	organization={Wiley Online Library}
}

@inproceedings{windheuser2011large,
	title={Large-scale integer linear programming for orientation preserving 3d shape matching},
	author={Windheuser, Thomas and Schlickwei, Ulrich and Schimdt, Frank R and Cremers, Daniel},
	booktitle={Computer Graphics Forum},
	volume={30},
	number={5},
	pages={1471--1480},
	year={2011},
	organization={Wiley Online Library}
}

@article{Ovsjanikov:2012:FMF:2185520.2185526,
	author = {Ovsjanikov, Maks and Ben-Chen, Mirela and Solomon, Justin and Butscher, Adrian and Guibas, Leonidas},
	title = {Functional Maps: A Flexible Representation of Maps Between Shapes},
	journal = {ACM Trans. Graph.},
	issue_date = {July 2012},
	volume = {31},
	number = {4},
	month = jul,
	year = {2012},
	issn = {0730-0301},
	pages = {30:1--30:11},
	articleno = {30},
	numpages = {11},
	url = {http://doi.acm.org/10.1145/2185520.2185526},
	doi = {10.1145/2185520.2185526},
	acmid = {2185526},
	publisher = {ACM},
	address = {New York, NY, USA},
	keywords = {correspondence, representation, shape matching},
} 

@inproceedings{sahilliouglu2012scale,
	title={Scale normalization for isometric shape matching},
	author={Sahillio{\u{g}}lu, Y and Yemez, Y{\"u}cel},
	booktitle={Computer Graphics Forum},
	volume={31},
	number={7},
	pages={2233--2240},
	year={2012},
	organization={Wiley Online Library}
}

@article{sahilliouglu2012minimum,
	title={Minimum-distortion isometric shape correspondence using EM algorithm},
	author={Sahillio{\u{g}}lu, Yusuf and Yemez, Y{\"u}cel},
	journal={IEEE transactions on pattern analysis and machine intelligence},
	volume={34},
	number={11},
	pages={2203--2215},
	year={2012},
	publisher={IEEE}
}

@inproceedings{Torsello:2012:GAD:2354409.2354702,
	author = {Torsello, Andrea},
	title = {A Game-theoretic Approach to Deformable Shape Matching},
	booktitle = {Proceedings of the 2012 IEEE Conference on Computer Vision and Pattern Recognition (CVPR)},
	series = {CVPR '12},
	year = {2012},
	isbn = {978-1-4673-1226-4},
	pages = {182--189},
	numpages = {8},
	url = {http://dl.acm.org/citation.cfm?id=2354409.2354702},
	acmid = {2354702},
	publisher = {IEEE Computer Society},
	address = {Washington, DC, USA},
	keywords = {Shape,Heating,Geometry,Distortion measurement,Robustness,Optimization},
}

@inproceedings{kovnatsky2013coupled,
	title={Coupled quasi-harmonic bases},
	author={Kovnatsky, Artiom and Bronstein, Michael M and Bronstein, Alexander M and Glashoff, Klaus and Kimmel, Ron},
	booktitle={Computer Graphics Forum},
	volume={32},
	number={2pt4},
	pages={439--448},
	year={2013},
	organization={Wiley Online Library}
}

@article{pokrass2013partial,
	title={Partial shape matching without point-wise correspondence},
	author={Pokrass, Jonathan and Bronstein, Alexander M and Bronstein, Michael M},
	journal={Numerical Mathematics: Theory, Methods and Applications},
	volume={6},
	number={1},
	pages={223--244},
	year={2013},
	publisher={Cambridge University Press}
}

@inproceedings{pokrass2013sparse,
	title={Sparse modeling of intrinsic correspondences},
	author={Pokrass, Jonathan and Bronstein, Alexander M and Bronstein, Michael M and Sprechmann, Pablo and Sapiro, Guillermo},
	booktitle={Computer Graphics Forum},
	volume={32},
	number={2pt4},
	pages={459--468},
	year={2013},
	organization={Wiley Online Library}
}

@inproceedings{rodola2013elastic,
	title={Elastic net constraints for shape matching},
	author={Rodola, Emanuele and Torsello, Andrea and Harada, Tatsuya and Kuniyoshi, Yasuo and Cremers, Daniel},
	booktitle={Proceedings of the IEEE International Conference on Computer Vision},
	pages={1169--1176},
	year={2013}
}

@article{vanKaick:2013:BMP:2771539.2771553,
	author = {van Kaick, Oliver and Zhang, Hao and Hamarneh, Ghassan},
	title = {Bilateral Maps for Partial Matching},
	journal = {Comput. Graph. Forum},
	issue_date = {September 2013},
	volume = {32},
	number = {6},
	month = sep,
	year = {2013},
	issn = {0167-7055},
	pages = {189--200},
	numpages = {12},
	url = {http://dx.doi.org/10.1111/cgf.12084},
	doi = {10.1111/cgf.12084},
	acmid = {2771553},
	publisher = {The Eurographs Association \&\#38; John Wiley \&\#38; Sons, Ltd.},
	address = {Chichester, UK},
	keywords = {3D shape matching, Geometric algorithms, I.3.5 [Computer Graphics]: Computational Geometry and Object Modelling, languages and systems, shape correspondence, shape descriptor},
}

@article{boumal2014manopt,
	title={Manopt, a Matlab toolbox for optimization on manifolds},
	author={Boumal, Nicolas and Mishra, Bamdev and Absil, P-A and Sepulchre, Rodolphe},
	journal={The Journal of Machine Learning Research},
	volume={15},
	number={1},
	pages={1455--1459},
	year={2014},
	publisher={JMLR. org}
}

@inproceedings{bogo2014faust,
	title={FAUST: Dataset and evaluation for 3D mesh registration},
	author={Bogo, Federica and Romero, Javier and Loper, Matthew and Black, Michael J},
	booktitle={Proceedings of the IEEE Conference on Computer Vision and Pattern Recognition},
	pages={3794--3801},
	year={2014}
}

@article{Brunton:2014:LRR:2592295.2592390,
	author = {Brunton, Alan and Wand, Michael and Wuhrer, Stefanie and Seidel, Hans-Peter and Weinkauf, Tino},
	title = {A Low-dimensional Representation for Robust Partial Isometric Correspondences Computation},
	journal = {Graph. Models},
	issue_date = {March, 2014},
	volume = {76},
	number = {2},
	month = mar,
	year = {2014},
	issn = {1524-0703},
	pages = {70--85},
	numpages = {16},
	url = {http://dx.doi.org/10.1016/j.gmod.2013.11.003},
	doi = {10.1016/j.gmod.2013.11.003},
	acmid = {2592390},
	publisher = {Academic Press Professional, Inc.},
	address = {San Diego, CA, USA},
	keywords = {3D surface correspondence, Geometry processing, Isometric deformation model, Partial matching, Registration},
}  

@article{chen2014near,
	title={Near-optimal joint object matching via convex relaxation},
	author={Chen, Yuxin and Guibas, Leonidas J and Huang, Qi-Xing},
	journal={arXiv preprint arXiv:1402.1473},
	year={2014}
}

@article{huang2014functional,
	title={Functional map networks for analyzing and exploring large shape collections},
	author={Huang, Qixing and Wang, Fan and Guibas, Leonidas},
	journal={ACM Transactions on Graphics (TOG)},
	volume={33},
	number={4},
	pages={36},
	year={2014},
	publisher={ACM}
}

@inproceedings{Rodola:2014:DNS:2679600.2679987,
	author = {Rodol\`{a}, Emanuele and Bul\`{o}, Samuel Rota and Windheuser, Thomas and Vestner, Matthias and Cremers, Daniel},
	title = {Dense Non-rigid Shape Correspondence Using Random Forests},
	booktitle = {Proceedings of the 2014 IEEE Conference on Computer Vision and Pattern Recognition},
	series = {CVPR '14},
	year = {2014},
	isbn = {978-1-4799-5118-5},
	pages = {4177--4184},
	numpages = {8},
	url = {https://doi.org/10.1109/CVPR.2014.532},
	doi = {10.1109/CVPR.2014.532},
	acmid = {2679987},
	publisher = {IEEE Computer Society},
	address = {Washington, DC, USA},
}

@inproceedings{sahilliouglu2014multiple,
	title={Multiple shape correspondence by dynamic programming},
	author={Sahillio{\u{g}}lu, Y and Yemez, Y{\"u}cel},
	booktitle={Computer Graphics Forum},
	volume={33},
	number={7},
	pages={121--130},
	year={2014},
	organization={Wiley Online Library}
}

@article{shtern2014matching,
	title={Matching the LBO eigenspace of non-rigid shapes via high order statistics},
	author={Shtern, Alon and Kimmel, Ron},
	journal={Axioms},
	volume={3},
	number={3},
	pages={300--319},
	year={2014},
	publisher={Multidisciplinary Digital Publishing Institute}
}

@inproceedings{chen2015robust,
	title={Robust nonrigid registration by convex optimization},
	author={Chen, Qifeng and Koltun, Vladlen},
	booktitle={Proceedings of the IEEE International Conference on Computer Vision},
	pages={2039--2047},
	year={2015}
}

@inproceedings{dekel2015best,
	title={Best-buddies similarity for robust template matching},
	author={Dekel, Tali and Oron, Shaul and Rubinstein, Michael and Avidan, Shai and Freeman, William T},
	booktitle={Proceedings of the IEEE Conference on Computer Vision and Pattern Recognition},
	pages={2021--2029},
	year={2015}
}

@article{holz2015registration,
	title={Registration with the point cloud library: A modular framework for aligning in 3-D},
	author={Holz, Dirk and Ichim, Alexandru E and Tombari, Federico and Rusu, Radu B and Behnke, Sven},
	journal={IEEE Robotics \& Automation Magazine},
	volume={22},
	number={4},
	pages={110--124},
	year={2015},
	publisher={IEEE}
}

@inproceedings{kovnatsky2015functional,
	title={Functional correspondence by matrix completion},
	author={Kovnatsky, Artiom and Bronstein, Michael M and Bresson, Xavier and Vandergheynst, Pierre},
	booktitle={Proceedings of the IEEE conference on computer vision and pattern recognition},
	pages={905--914},
	year={2015}
}

@inproceedings{Masci:2015:GCN:2919341.2920992,
	author = {Masci, Jonathan and Boscaini, Davide and Bronstein, Michael M. and Vandergheynst, Pierre},
	title = {Geodesic Convolutional Neural Networks on Riemannian Manifolds},
	booktitle = {Proceedings of the 2015 IEEE International Conference on Computer Vision Workshop (ICCVW)},
	series = {ICCVW '15},
	year = {2015},
	isbn = {978-1-4673-9711-7},
	pages = {832--840},
	numpages = {9},
	url = {http://dx.doi.org/10.1109/ICCVW.2015.112},
	doi = {10.1109/ICCVW.2015.112},
	acmid = {2920992},
	publisher = {IEEE Computer Society},
	address = {Washington, DC, USA},
}

@article{rodola2015point,
	title={Point-wise map recovery and refinement from functional correspondence},
	author={Rodol{\`a}, Emanuele and Moeller, Michael and Cremers, Daniel},
	journal={arXiv preprint arXiv:1506.05603},
	year={2015}
}

@article{aigerman2015seamless,
	title={Seamless surface mappings},
	author={Aigerman, Noam and Poranne, Roi and Lipman, Yaron},
	journal={ACM Transactions on Graphics (TOG)},
	volume={34},
	number={4},
	pages={72},
	year={2015},
	publisher={ACM}
}

@inproceedings{boscaini2016learning,
	title={Learning shape correspondence with anisotropic convolutional neural networks},
	author={Boscaini, Davide and Masci, Jonathan and Rodol{\`a}, Emanuele and Bronstein, Michael},
	booktitle={Advances in Neural Information Processing Systems},
	pages={3189--3197},
	year={2016}
}

@inproceedings{cosmo2016matching,
	title={Matching deformable objects in clutter},
	author={Cosmo, Luca and Rodola, Emanuele and Masci, Jonathan and Torsello, Andrea and Bronstein, Michael M},
	booktitle={3D Vision (3DV), 2016 Fourth International Conference on},
	pages={1--10},
	year={2016},
	organization={IEEE}
}

@article{cosmo2016shrec,
	title={SHREC’16: Partial matching of deformable shapes},
	author={Cosmo, L and Rodol{\`a}, E and Bronstein, MM and Torsello, A and Cremers, D and Sahillioglu, Y},
	journal={Proc. 3DOR},
	volume={2},
	year={2016}
}

@inproceedings{eynard2016coupled,
	title={Coupled functional maps},
	author={Eynard, Davide and Rodola, Emanuele and Glashoff, Klaus and Bronstein, Michael M},
	booktitle={3D Vision (3DV), 2016 Fourth International Conference on},
	pages={399--407},
	year={2016},
	organization={IEEE}
}

@inproceedings{kovnatsky2016madmm,
	title={MADMM: a generic algorithm for non-smooth optimization on manifolds},
	author={Kovnatsky, Artiom and Glashoff, Klaus and Bronstein, Michael M},
	booktitle={European Conference on Computer Vision},
	pages={680--696},
	year={2016},
	organization={Springer}
}

@inproceedings{litany2016non,
	title={Non-rigid puzzles},
	author={Litany, Or and Rodol{\`a}, Emanuele and Bronstein, Alexander M and Bronstein, Michael M and Cremers, Daniel},
	booktitle={Computer Graphics Forum},
	volume={35},
	number={5},
	pages={135--143},
	year={2016},
	organization={Wiley Online Library}
}

@article{maron2016point,
	title={Point registration via efficient convex relaxation},
	author={Maron, Haggai and Dym, Nadav and Kezurer, Itay and Kovalsky, Shahar and Lipman, Yaron},
	journal={ACM Transactions on Graphics (TOG)},
	volume={35},
	number={4},
	pages={73},
	year={2016},
	publisher={ACM}
}

@inproceedings{masci2016geometric,
	title={Geometric deep learning},
	author={Masci, Jonathan and Rodol{\`a}, Emanuele and Boscaini, Davide and Bronstein, Michael M and Li, Hao},
	booktitle={SIGGRAPH ASIA 2016 Courses},
	pages={1},
	year={2016},
	organization={ACM}
}

@article{solomon2016entropic,
	title={Entropic metric alignment for correspondence problems},
	author={Solomon, Justin and Peyr{\'e}, Gabriel and Kim, Vladimir G and Sra, Suvrit},
	journal={ACM Transactions on Graphics (TOG)},
	volume={35},
	number={4},
	pages={72},
	year={2016},
	publisher={ACM}
}


@inproceedings{wei2016dense,
	title={Dense human body correspondences using convolutional networks},
	author={Wei, Lingyu and Huang, Qixing and Ceylan, Duygu and Vouga, Etienne and Li, Hao},
	booktitle={Proceedings of the IEEE Conference on Computer Vision and Pattern Recognition},
	pages={1544--1553},
	year={2016}
}

@inproceedings{cosmo2017consistent,
	title={Consistent partial matching of shape collections via sparse modeling},
	author={Cosmo, Luca and Rodol{\`a}, Emanuele and Albarelli, Andrea and M{\'e}moli, Facundo and Cremers, Daniel},
	booktitle={Computer Graphics Forum},
	volume={36},
	number={1},
	pages={209--221},
	year={2017},
	organization={Wiley Online Library}
}

@inproceedings{monti2017geometric,
	title={Geometric deep learning on graphs and manifolds using mixture model CNNs},
	author={Monti, Federico and Boscaini, Davide and Masci, Jonathan}
}

@inproceedings{rodola2017partial,
	title={Partial functional correspondence},
	author={Rodol{\`a}, Emanuele and Cosmo, Luca and Bronstein, Michael M and Torsello, Andrea and Cremers, Daniel},
	booktitle={Computer Graphics Forum},
	volume={36},
	number={1},
	pages={222--236},
	year={2017},
	organization={Wiley Online Library}
}

@inproceedings{talmi2017template,
	title={Template matching with deformable diversity similarity},
	author={Talmi, Itamar and Mechrez, Roey and Zelnik-Manor, Lihi},
	booktitle={Proc. of IEEE Conf. on Computer Vision and Pattern Recognition},
	pages={1311--1319},
	year={2017}
}

@inproceedings{litany2017fully,
	title={Fully spectral partial shape matching},
	author={Litany, Or and Rodol{\`a}, Emanuele and Bronstein, Alex M and Bronstein, Michael M},
	booktitle={Computer Graphics Forum},
	volume={36},
	number={2},
	pages={247--258},
	year={2017},
	organization={Wiley Online Library}
}

@inproceedings{vestner2017efficient,
	title={Efficient deformable shape correspondence via kernel matching},
	author={Vestner, Matthias and L{\"a}hner, Zorah and Boyarski, Amit and Litany, Or and Slossberg, Ron and Remez, Tal and Rodola, Emanuele and Bronstein, Alex and Bronstein, Michael and Kimmel, Ron and others},
	booktitle={3D Vision (3DV), 2017 International Conference on},
	pages={517--526},
	year={2017},
	organization={IEEE}
}

@inproceedings{vestner2017product,
	title={Product Manifold Filter: Non-Rigid Shape Correspondence via Kernel Density Estimation in the Product Space.},
	author={Vestner, Matthias and Litman, Roee and Rodol{\`a}, Emanuele and Bronstein, Alexander M and Cremers, Daniel},
	booktitle={CVPR},
	pages={6681--6690},
	year={2017}
}

@article{halimi2018self,
	title={Self Functional Maps},
	author={Halimi, Oshri and Kimmel, Ron},
	journal={arXiv preprint arXiv:1804.08080},
	year={2018}
}

@inproceedings{huang2018stability,
	title={On the stability of functional maps and shape difference operators},
	author={Huang, Ruqi and Chazal, Fr{\'e}d{\'e}ric and Ovsjanikov, Maks},
	booktitle={Computer Graphics Forum},
	volume={37},
	number={1},
	pages={145--158},
	year={2018},
	organization={Wiley Online Library}
}

@inproceedings{kleiman2018robust,
	title={Robust Structure-Based Shape Correspondence},
	author={Kleiman, Yanir and Ovsjanikov, Maks},
	booktitle={Computer Graphics Forum},
	year={2018},
	organization={Wiley Online Library}
}

@inproceedings{melzi2018localized,
	title={Localized manifold harmonics for spectral shape analysis},
	author={Melzi, Simone and Rodol{\`a}, Emanuele and Castellani, Umberto and Bronstein, Michael M},
	booktitle={Computer Graphics Forum},
	volume={37},
	number={6},
	pages={20--34},
	year={2018},
	organization={Wiley Online Library}
}

@inproceedings{nogneng2018improved,
	title={Improved functional mappings via product preservation},
	author={Nogneng, Dorian and Melzi, Simone and Rodol{\`a}, Emanuele and Castellani, Umberto and Bronstein, M and Ovsjanikov, Maks},
	booktitle={Computer Graphics Forum},
	volume={37},
	number={2},
	pages={179--190},
	year={2018},
	organization={Wiley Online Library}
}

@inproceedings{wang2018kernel,
	title={Kernel Functional Maps},
	author={Wang, L and Gehre, A and Bronstein, MM and Solomon, J},
	booktitle={Computer Graphics Forum},
	volume={37},
	number={5},
	pages={27--36},
	year={2018},
	organization={Wiley Online Library}
}
